Automatically generated by Mendeley Desktop 1.19.8
Any changes to this file will be lost if it is regenerated by Mendeley.

BibTeX export options can be customized via Options -> BibTeX in Mendeley Desktop

@article{Bithell2006,
author = {Bithell, Caroline},
doi = {10.1080/17411910600634213},
file = {:C$\backslash$:/Users/Brendon/Documents/Mendeley Desktop/The Past in Music Introduction.pdf:pdf},
issn = {1741-1912},
journal = {Ethnomusicology Forum},
keywords = {archaeology,collective memory,culture of a society,early music,ethnomusicology studies the musical,fieldwork,history,musical heritage,musical performance,oral tradition,ritual,the past,to quote nettl,typically},
number = {1},
pages = {3--16},
title = {{The Past in Music: Introduction}},
volume = {15},
year = {2006}
}
@article{Wallmark2019,
author = {Wallmark, Zachary},
doi = {10.1177/0305735618768102},
file = {:C$\backslash$:/Users/Brendon/Documents/Mendeley Desktop/A{\_}corpus{\_}analysis{\_}of{\_}timbre{\_}semantics{\_}in{\_}orchestra.pdf:pdf},
issn = {17413087},
journal = {Psychology of Music},
keywords = {Timbre,corpus methods,musicology,orchestration,semantics,text analysis},
number = {4},
pages = {585--605},
title = {{A corpus analysis of timbre semantics in orchestration treatises}},
volume = {47},
year = {2019}
}
@article{Balkwill1999,
author = {Balkwill, Laura Lee and Thompson, William Forde},
doi = {10.2307/40285811},
file = {:C$\backslash$:/Users/Brendon/Documents/Mendeley Desktop/Balkwill Thompson 1999.pdf:pdf},
isbn = {0730-7829},
issn = {0730-7829},
journal = {Music Perception: An Interdisciplinary Journal},
number = {1},
pages = {43--64},
pmid = {5030},
title = {{A Cross-Cultural Investigation of the Perception of Emotion in Music : Psychophysical and Cultural Cues}},
volume = {17},
year = {1999}
}
@article{Osgood1955,
author = {Osgood, Charles E. and Suci, George J.},
doi = {10.1037/h0043965},
file = {:C$\backslash$:/Users/Brendon/Documents/Mendeley Desktop/Osgood1955.pdf:pdf},
issn = {00221015},
journal = {Journal of Experimental Psychology},
keywords = {FACTOR ANALYSIS, OF MEANING,LANGUAGE {\&} COMMUNICATION,MEANING {\&} COMMUNICATION, FACTOR ANALYSIS OF},
number = {5},
pages = {325--338},
pmid = {13271697},
title = {{Factor analysis of meaning}},
volume = {50},
year = {1955}
}
@article{Krishnan2011,
author = {Krishnan, Anjali and Williams, Lynne J. and McIntosh, Anthony Randal and Abdi, Herv{\'{e}}},
doi = {10.1016/j.neuroimage.2010.07.034},
file = {:C$\backslash$:/Users/Brendon/Documents/Mendeley Desktop/A81-PLS method for neuroimaging-a tutorial and review.pdf:pdf},
issn = {10538119},
journal = {NeuroImage},
keywords = {Asymmetric PLS,Barycentric discriminant analysis,Behavior PLS,Canonical variate analysis,Co-inertia analysis,Common factor analysis,Multi-block PLS,Multi-table PLS,Multiple factor analysis,PLS,Partial least squares correlation,Partial least squares path modeling,Partial least squares regression,STATIS,Seed PLS,Symmetric PLS,Task PLS},
number = {2},
pages = {455--475},
title = {{Partial Least Squares (PLS) methods for neuroimaging: A tutorial and review}},
volume = {56},
year = {2011}
}
@misc{McPherson2020a,
author = {McPherson, Laura},
booktitle = {Speech Surrogates},
title = {{What are speech surrogates}},
url = {https://sites.dartmouth.edu/speech-surrogates/what-are-speech-surrogates/},
year = {2020}
}
@article{Fritz2009,
author = {Fritz, Thomas and Jentschke, Sebastian and Gosselin, Nathalie and Sammler, Daniela and Peretz, Isabelle and Turner, Robert and Friederici, Angela D. and Koelsch, Stefan},
doi = {10.1016/j.cub.2009.02.058},
file = {:C$\backslash$:/Users/Brendon/Documents/Mendeley Desktop/1-s2.0-S0960982209008136-main.pdf:pdf},
issn = {09609822},
journal = {Current Biology},
keywords = {SYSNEURO},
number = {7},
pages = {573--576},
pmid = {19303300},
publisher = {Elsevier Ltd},
title = {{Universal Recognition of Three Basic Emotions in Music}},
url = {http://dx.doi.org/10.1016/j.cub.2009.02.058},
volume = {19},
year = {2009}
}
@article{Chase2003,
author = {Chase, K. M.},
doi = {10.1093/mtp/21.2.84},
file = {:C$\backslash$:/Users/Brendon/Documents/Mendeley Desktop/21-2-84.pdf:pdf},
issn = {0734-6875},
journal = {Music Therapy Perspectives},
number = {2},
pages = {84--88},
title = {{Multicultural Music Therapy: A Review of Literature}},
volume = {21},
year = {2003}
}
@article{Raman2016,
author = {Raman, Rachna and Dowling, W. Jay},
doi = {10.1525/MP.2016.33.03.367},
file = {:C$\backslash$:/Users/Brendon/Documents/Mendeley Desktop/Raman, Dowling - 2016 - Real-Time Probing of Modulations in South Indian Classical (Carnātic) Music by Indian and Western Musicians.pdf:pdf},
journal = {Music Perception},
number = {3},
pages = {367--393},
title = {{Real-Time Probing of Modulations in South Indian Classical (Carnātic) Music by Indian and Western Musicians}},
url = {https://www.utdallas.edu/research/mpac/publications/pdf/2016-1.pdf},
volume = {33},
year = {2016}
}
@book{Patel2008,
address = {New York},
author = {Patel, Aniruddh D.},
publisher = {Oxford University Press},
title = {{Music, Language, and the Brain}},
year = {2008}
}
@article{Tucker1958,
author = {Tucker, Ledyard R.},
doi = {10.1007/BF02289009},
file = {:C$\backslash$:/Users/Brendon/Documents/Mendeley Desktop/Tucker1958{\_}Article{\_}AnInter-batteryMethodOfFactorA.pdf:pdf},
issn = {00333123},
journal = {Psychometrika},
number = {2},
pages = {111--136},
title = {{An inter-battery method of factor analysis}},
volume = {23},
year = {1958}
}
@book{Benzecri1973,
address = {Paris},
author = {BenzEcri, Jean-Paul},
publisher = {Dunod},
title = {{L'analyse des donnEes.}},
year = {1973}
}
@article{Raman2017,
author = {Raman, Rachna and Dowling, W. Jay},
file = {:C$\backslash$:/Users/Brendon/Documents/Mendeley Desktop/Raman, Dowling - 2017 - Perception of modulations in south indian classical (carnatic) music by student and teacher musicians A cross-cu.pdf:pdf},
journal = {Music Perception},
keywords = {culture-specific cues,grahab},
number = {4},
pages = {424--437},
title = {{Perception of modulations in south indian classical (carnatic) music by student and teacher musicians: A cross-cultural study}},
volume = {34},
year = {2017}
}
@article{DeDreu2012,
author = {de Dreu, M. J. and van der Wilk, A. S.D. and Poppe, E. and Kwakkel, G. and van Wegen, E. E.H.},
doi = {10.1016/s1353-8020(11)70036-0},
file = {:C$\backslash$:/Users/Brendon/Documents/Mendeley Desktop/1-s2.0-S1353802011700360-main.pdf:pdf},
issn = {18735126},
journal = {Parkinsonism and Related Disorders},
keywords = {Cueing,Dance,Exercise therapy,Music,Parkinson's disease,Rhythm},
number = {SUPPL. 1},
pages = {S114--S119},
pmid = {22166406},
publisher = {Elsevier Ltd},
title = {{Rehabilitation, exercise therapy and music in patients with Parkinson's disease: A meta-analysis of the effects of music-based movement therapy on walking ability, balance and quality of life}},
url = {http://dx.doi.org/10.1016/S1353-8020(11)70036-0},
volume = {18},
year = {2012}
}
@book{Borg2005,
author = {Borg, Ingwer and Groenen, Patrick J.F.},
booktitle = {Springer},
edition = {2},
file = {:C$\backslash$:/Users/Brendon/Documents/Mendeley Desktop/Borg-Groenen2005{\_}Book{\_}ModernMultidimensionalScaling.pdf:pdf},
isbn = {9780387251509},
issn = {87566648},
publisher = {Springer Science+Business Media, Inc.},
title = {{Modern Multidimensional Scaling}},
volume = {36},
year = {2005}
}
@article{Solli2015,
author = {Solli, Hans Petter and Rolvsjord, Randi},
doi = {10.1080/08098131.2014.890639},
file = {:C$\backslash$:/Users/Brendon/Documents/Mendeley Desktop/MT{\_}Psychosis.pdf:pdf},
issn = {08098131},
journal = {Nordic Journal of Music Therapy},
keywords = {agency,mental health,music therapy,psychosis,recovery,user-perspective},
number = {1},
pages = {67--92},
title = {{“The Opposite of Treatment”: A qualitative study of how patients diagnosed with psychosis experience music therapy}},
volume = {24},
year = {2015}
}
@article{Cowen2017,
author = {Cowen, Alan S. and Keltner, Dacher},
doi = {10.1073/pnas.1702247114},
file = {:C$\backslash$:/Users/Brendon/Documents/Mendeley Desktop/E7900.full.pdf:pdf},
issn = {10916490},
journal = {Proceedings of the National Academy of Sciences of the United States of America},
keywords = {Dimensions,Discrete emotion,Emotional experience,Semantic space},
number = {38},
pages = {E7900--E7909},
pmid = {28874542},
title = {{Self-report captures 27 distinct categories of emotion bridged by continuous gradients}},
volume = {114},
year = {2017}
}
@article{Altenmuller2015,
author = {Altenm{\"{u}}ller, Eckart and Schlaug, Gottfried},
doi = {10.1016/bs.pbr.2014.11.029},
file = {:C$\backslash$:/Users/Brendon/Documents/Mendeley Desktop/1-s2.0-S0079612314000302-main.pdf:pdf},
issn = {18757855},
journal = {Progress in Brain Research},
keywords = {Brain plasticity,Melodic intonation therapy,Music-supported training,Neurologic music therapy,Neurorehabilitation},
pages = {237--252},
pmid = {25725918},
title = {{Apollo's gift: New aspects of neurologic music therapy}},
volume = {217},
year = {2015}
}
@article{Sepehry2013,
author = {Sepehry, Amir and Yang, Lillian and {Robin Hsiung}, Ging-Yuek and Jacova, Claudia},
doi = {10.1016/j.jalz.2013.05.1370},
file = {:C$\backslash$:/Users/Brendon/Documents/Mendeley Desktop/j.jalz.2013.05.1370.pdf:pdf},
issn = {1552-5279},
journal = {Alzheimer's {\&} Dementia},
pages = {P665--P665},
title = {{P3-296: Music therapy, global affect and behavior in Alzheimer's disease: A meta-analytic perspective on outcomes and on music therapy methodologies}},
volume = {9},
year = {2013}
}
@article{Hadley2015,
author = {Hadley, Susan and Norris, Marisol S},
doi = {10.1093/mtp/miv045},
file = {:C$\backslash$:/Users/Brendon/Documents/Mendeley Desktop/miv045.pdf:pdf},
journal = {Music Therapy Perspectives},
number = {2},
pages = {129--137},
title = {{in Music Therapy : The First Step}},
volume = {34},
year = {2015}
}
@article{Abdi2013,
author = {Abdi, Herv{\'{e}} and Williams, Lynne J. and Valentin, Domininique},
doi = {10.1002/wics.1246},
file = {:C$\backslash$:/Users/Brendon/Documents/Mendeley Desktop/A101-Multiple factor analysis- principal component analysis for multitable and multiblock data sets.pdf:pdf},
issn = {19395108},
journal = {Wiley Interdisciplinary Reviews: Computational Statistics},
keywords = {Barycentric discriminant analysis (BADA),Consensus PCA,Generalized Procrustes analysis (GPA),Generalized singular value decomposition,INDSCAL,Multiblock PCA,Multiblock barycentric discriminant analysis (MUDI,Multiblock correspondence analysis,Multiple factor analysis (MFA),Multiple factor analysis barycentric discriminant,Multiple factorial analysis,Multitable PCA,Principal component analysis,STATIS},
pages = {149--179},
title = {{Multiple factor analysis: Principal component analysis for multitable and multiblock data sets}},
volume = {5},
year = {2013}
}