@Manual{R-base,
  title = {R: A Language and Environment for Statistical Computing},
  author = {{R Core Team}},
  organization = {R Foundation for Statistical Computing},
  address = {Vienna, Austria},
  year = {2020},
  url = {https://www.R-project.org/},
}

@Manual{R-dplyr,
  title = {dplyr: A Grammar of Data Manipulation},
  author = {Hadley Wickham and Romain François and Lionel {
             Henry} and Kirill Müller},
  year = {2020},
  note = {R package version 1.0.2},
  url = {https://CRAN.R-project.org/package=dplyr},
}

@Manual{R-ExPosition,
  title = {ExPosition: Exploratory Analysis with the Singular Value Decomposition},
  author = {Derek Beaton and Cherise R. Chin Fatt and Herve Abdi},
  year = {2019},
  note = {R package version 2.8.23},
  url = {https://CRAN.R-project.org/package=ExPosition},
}

@Manual{R-forcats,
  title = {forcats: Tools for Working with Categorical Variables (Factors)},
  author = {Hadley Wickham},
  year = {2020},
  note = {R package version 0.5.0},
  url = {https://CRAN.R-project.org/package=forcats},
}

@Manual{R-ggplot2,
  title = {ggplot2: Create Elegant Data Visualisations Using the Grammar of Graphics},
  author = {Hadley Wickham and Winston Chang and Lionel Henry and Thomas Lin Pedersen and Kohske Takahashi and Claus Wilke and Kara Woo and Hiroaki Yutani and Dewey Dunnington},
  year = {2020},
  note = {R package version 3.3.2},
  url = {https://CRAN.R-project.org/package=ggplot2},
}

@Manual{R-ggplotify,
  title = {ggplotify: Convert Plot to 'grob' or 'ggplot' Object},
  author = {Guangchuang Yu},
  year = {2020},
  note = {R package version 0.0.5},
  url = {https://CRAN.R-project.org/package=ggplotify},
}

@Manual{R-gridExtra,
  title = {gridExtra: Miscellaneous Functions for "Grid" Graphics},
  author = {Baptiste Auguie},
  year = {2017},
  note = {R package version 2.3},
  url = {https://CRAN.R-project.org/package=gridExtra},
}

@Manual{R-InPosition,
  title = {InPosition: Inference Tests for ExPosition},
  author = {Derek Beaton and Joseph Dunlop and Herve Abdi},
  year = {2019},
  note = {R package version 0.12.7.1},
  url = {https://CRAN.R-project.org/package=InPosition},
}

@Manual{R-kableExtra,
  title = {kableExtra: Construct Complex Table with 'kable' and Pipe Syntax},
  author = {Hao Zhu},
  year = {2020},
  note = {R package version 1.2.1},
  url = {https://CRAN.R-project.org/package=kableExtra},
}

@Manual{R-plyr,
  title = {plyr: Tools for Splitting, Applying and Combining Data},
  author = {Hadley Wickham},
  year = {2020},
  note = {R package version 1.8.6},
  url = {https://CRAN.R-project.org/package=plyr},
}

@Manual{R-prettyGraphs,
  title = {prettyGraphs: Publication-Quality Graphics},
  author = {Derek Beaton},
  year = {2018},
  note = {R package version 2.1.6},
  url = {https://CRAN.R-project.org/package=prettyGraphs},
}

@Manual{R-PTCA4CATA,
  title = {PTCA4CATA: Partial Triadic Analysis for Check All That Apply (CATA) Data},
  author = {Herve Abdi},
  year = {2020},
  note = {R package version 0.1.0},
  url = {http://github.com/HerveAbdi/PTCA4CATA},
}

@Manual{R-purrr,
  title = {purrr: Functional Programming Tools},
  author = {Lionel Henry and Hadley Wickham},
  year = {2020},
  note = {R package version 0.3.4},
  url = {https://CRAN.R-project.org/package=purrr},
}

@Manual{R-readr,
  title = {readr: Read Rectangular Text Data},
  author = {Hadley Wickham and Jim Hester and Romain Francois},
  year = {2018},
  note = {R package version 1.3.1},
  url = {https://CRAN.R-project.org/package=readr},
}

@Manual{R-readxl,
  title = {readxl: Read Excel Files},
  author = {Hadley Wickham and Jennifer Bryan},
  year = {2019},
  note = {R package version 1.3.1},
  url = {https://CRAN.R-project.org/package=readxl},
}

@Manual{R-rlist,
  title = {rlist: A Toolbox for Non-Tabular Data Manipulation},
  author = {Kun Ren},
  year = {2016},
  note = {R package version 0.4.6.1},
  url = {https://CRAN.R-project.org/package=rlist},
}

@Manual{R-stringi,
  title = {stringi: Character String Processing Facilities},
  author = {Marek Gagolewski and Bartek Tartanus and other contributors; IBM and {Unicode} and {Inc.} and other contributors; Unicode and {Inc.}},
  year = {2020},
  note = {R package version 1.4.6},
  url = {https://CRAN.R-project.org/package=stringi},
}

@Manual{R-stringr,
  title = {stringr: Simple, Consistent Wrappers for Common String Operations},
  author = {Hadley Wickham},
  year = {2019},
  note = {R package version 1.4.0},
  url = {https://CRAN.R-project.org/package=stringr},
}

@Manual{R-tibble,
  title = {tibble: Simple Data Frames},
  author = {Kirill Müller and Hadley Wickham},
  year = {2020},
  note = {R package version 3.0.3},
  url = {https://CRAN.R-project.org/package=tibble},
}

@Manual{R-tidyr,
  title = {tidyr: Tidy Messy Data},
  author = {Hadley Wickham and Lionel Henry},
  year = {2020},
  note = {R package version 1.1.1},
  url = {https://CRAN.R-project.org/package=tidyr},
}

@Manual{R-tidyverse,
  title = {tidyverse: Easily Install and Load the 'Tidyverse'},
  author = {Hadley Wickham},
  year = {2019},
  note = {R package version 1.3.0},
  url = {https://CRAN.R-project.org/package=tidyverse},
}

@Manual{R-wesanderson,
  title = {wesanderson: A Wes Anderson Palette Generator},
  author = {Karthik Ram and Hadley Wickham},
  year = {2018},
  note = {R package version 0.3.6},
  url = {https://CRAN.R-project.org/package=wesanderson},
}

@Article{ExPosition2014,
  title = {An {ExPosition} of multivariate analysis with the singular value decomposition in {R}.},
  author = {Derek Beaton and Cherise R. Chin Fatt and Herve Abdi},
  journal = {Computational Statistics & Data Analysis },
  volume = {72},
  number = {0},
  pages = {176 - 189},
  year = {2014},
  issn = {0167-9473},
  doi = {10.1016/j.csda.2013.11.006},
  url = {http://www.sciencedirect.com/science/article/pii/S0167947313004441},
}

@Book{ggplot22016,
  author = {Hadley Wickham},
  title = {ggplot2: Elegant Graphics for Data Analysis},
  publisher = {Springer-Verlag New York},
  year = {2016},
  isbn = {978-3-319-24277-4},
  url = {https://ggplot2.tidyverse.org},
}

@Article{InPositionIn press, 2014,
  title = {An {ExPosition} of multivariate analysis with the singular value decomposition in {R}.},
  author = {Derek Beaton and Cherise R. Chin Fatt and Herve Abdi},
  journal = {Computational Statistics & Data Analysis },
  volume = {72},
  number = {0},
  pages = {176 - 189},
  year = {In press, 2014},
  issn = {0167-9473},
  doi = {10.1016/j.csda.2013.11.006},
  url = {http://www.sciencedirect.com/science/article/pii/S0167947313004441},
}

@Article{plyr2011,
  title = {The Split-Apply-Combine Strategy for Data Analysis},
  author = {Hadley Wickham},
  journal = {Journal of Statistical Software},
  year = {2011},
  volume = {40},
  number = {1},
  pages = {1--29},
  url = {http://www.jstatsoft.org/v40/i01/},
}

@Article{prettyGraphs2014,
  title = {An {ExPosition} of multivariate analysis with the singular value decomposition in {R}.},
  author = {Derek Beaton and Cherise R. Chin Fatt and Herve Abdi},
  journal = {Computational Statistics & Data Analysis },
  volume = {72},
  number = {0},
  pages = {176 - 189},
  year = {2014},
  issn = {0167-9473},
  doi = {10.1016/j.csda.2013.11.006},
  url = {http://www.sciencedirect.com/science/article/pii/S0167947313004441},
}

@Manual{stringi2020,
  title = {R package stringi: Character string processing facilities},
  author = {Marek Gagolewski},
  year = {2020},
  url = {http://www.gagolewski.com/software/stringi/},
}

@Article{tidyverse2019,
  title = {Welcome to the {tidyverse}},
  author = {Hadley Wickham and Mara Averick and Jennifer Bryan and Winston Chang and Lucy D'Agostino McGowan and Romain François and Garrett Grolemund and Alex Hayes and Lionel Henry and Jim Hester and Max Kuhn and Thomas Lin Pedersen and Evan Miller and Stephan Milton Bache and Kirill Müller and Jeroen Ooms and David Robinson and Dana Paige Seidel and Vitalie Spinu and Kohske Takahashi and Davis Vaughan and Claus Wilke and Kara Woo and Hiroaki Yutani},
  year = {2019},
  journal = {Journal of Open Source Software},
  volume = {4},
  number = {43},
  pages = {1686},
  doi = {10.21105/joss.01686},
}

