@Article{R-animation,
  title = {{animation}: An {R} Package for Creating Animations and Demonstrating Statistical Methods},
  author = {Yihui Xie},
  journal = {Journal of Statistical Software},
  year = {2013},
  volume = {53},
  number = {1},
  pages = {1--27},
  url = {http://www.jstatsoft.org/v53/i01/},
}
@Manual{R-base,
  title = {R: A Language and Environment for Statistical Computing},
  author = {{R Core Team}},
  organization = {R Foundation for Statistical Computing},
  address = {Vienna, Austria},
  year = {2020},
  url = {https://www.R-project.org/},
}
@Manual{R-papaja,
  author = {Frederik Aust and Marius Barth},
  title = {{papaja}: {Create} {APA} manuscripts with {R Markdown}},
  year = {2020},
  note = {R package version 0.1.0.9997},
  url = {https://github.com/crsh/papaja},
}
@Manual{R-PTCA4CATA,
  title = {PTCA4CATA: Partial Triadic Analysis for Check All That Apply (CATA) Data},
  author = {Herve Abdi},
  year = {2020},
  note = {R package version 0.1.0},
  url = {http://github.com/HerveAbdi/PTCA4CATA},
}
@Manual{R-abind,
  title = {abind: Combine Multidimensional Arrays},
  author = {Tony Plate and Richard Heiberger},
  year = {2016},
  note = {R package version 1.4-5},
  url = {https://CRAN.R-project.org/package=abind},
}
@Manual{R-dplyr,
  title = {dplyr: A Grammar of Data Manipulation},
  author = {Hadley Wickham and Romain François and Lionel {
             Henry} and Kirill Müller},
  year = {2020},
  note = {R package version 1.0.2},
  url = {https://CRAN.R-project.org/package=dplyr},
}
@Article{R-ExPosition,
  title = {An {ExPosition} of multivariate analysis with the singular value decomposition in {R}.},
  author = {Derek Beaton and Cherise R. Chin Fatt and Herve Abdi},
  journal = {Computational Statistics & Data Analysis },
  volume = {72},
  number = {0},
  pages = {176 - 189},
  year = {2014},
  issn = {0167-9473},
  doi = {10.1016/j.csda.2013.11.006},
  url = {http://www.sciencedirect.com/science/article/pii/S0167947313004441},
}
@Manual{R-forcats,
  title = {forcats: Tools for Working with Categorical Variables (Factors)},
  author = {Hadley Wickham},
  year = {2020},
  note = {R package version 0.5.0},
  url = {https://CRAN.R-project.org/package=forcats},
}
@Book{R-ggplot2,
  author = {Hadley Wickham},
  title = {ggplot2: Elegant Graphics for Data Analysis},
  publisher = {Springer-Verlag New York},
  year = {2016},
  isbn = {978-3-319-24277-4},
  url = {https://ggplot2.tidyverse.org},
}
@Manual{R-ggplotify,
  title = {ggplotify: Convert Plot to 'grob' or 'ggplot' Object},
  author = {Guangchuang Yu},
  year = {2020},
  note = {R package version 0.0.5},
  url = {https://CRAN.R-project.org/package=ggplotify},
}
@Manual{R-gridExtra,
  title = {gridExtra: Miscellaneous Functions for "Grid" Graphics},
  author = {Baptiste Auguie},
  year = {2017},
  note = {R package version 2.3},
  url = {https://CRAN.R-project.org/package=gridExtra},
}
@Article{R-InPosition,
  title = {An {ExPosition} of multivariate analysis with the singular value decomposition in {R}.},
  author = {Derek Beaton and Cherise R. Chin Fatt and Herve Abdi},
  journal = {Computational Statistics & Data Analysis },
  volume = {72},
  number = {0},
  pages = {176 - 189},
  year = {In press, 2014},
  issn = {0167-9473},
  doi = {10.1016/j.csda.2013.11.006},
  url = {http://www.sciencedirect.com/science/article/pii/S0167947313004441},
}
@Manual{R-kableExtra,
  title = {kableExtra: Construct Complex Table with 'kable' and Pipe Syntax},
  author = {Hao Zhu},
  year = {2020},
  note = {R package version 1.2.1},
  url = {https://CRAN.R-project.org/package=kableExtra},
}
@Article{R-plyr,
  title = {The Split-Apply-Combine Strategy for Data Analysis},
  author = {Hadley Wickham},
  journal = {Journal of Statistical Software},
  year = {2011},
  volume = {40},
  number = {1},
  pages = {1--29},
  url = {http://www.jstatsoft.org/v40/i01/},
}
@Article{R-prettyGraphs,
  title = {An {ExPosition} of multivariate analysis with the singular value decomposition in {R}.},
  author = {Derek Beaton and Cherise R. Chin Fatt and Herve Abdi},
  journal = {Computational Statistics & Data Analysis },
  volume = {72},
  number = {0},
  pages = {176 - 189},
  year = {2014},
  issn = {0167-9473},
  doi = {10.1016/j.csda.2013.11.006},
  url = {http://www.sciencedirect.com/science/article/pii/S0167947313004441},
}
@Manual{R-purrr,
  title = {purrr: Functional Programming Tools},
  author = {Lionel Henry and Hadley Wickham},
  year = {2020},
  note = {R package version 0.3.4},
  url = {https://CRAN.R-project.org/package=purrr},
}
@Manual{R-readr,
  title = {readr: Read Rectangular Text Data},
  author = {Hadley Wickham and Jim Hester and Romain Francois},
  year = {2018},
  note = {R package version 1.3.1},
  url = {https://CRAN.R-project.org/package=readr},
}
@Manual{R-readxl,
  title = {readxl: Read Excel Files},
  author = {Hadley Wickham and Jennifer Bryan},
  year = {2019},
  note = {R package version 1.3.1},
  url = {https://CRAN.R-project.org/package=readxl},
}
@Manual{R-rlist,
  title = {rlist: A Toolbox for Non-Tabular Data Manipulation},
  author = {Kun Ren},
  year = {2016},
  note = {R package version 0.4.6.1},
  url = {https://CRAN.R-project.org/package=rlist},
}
@Manual{R-stringi,
  title = {R package stringi: Character string processing facilities},
  author = {Marek Gagolewski},
  year = {2020},
  url = {http://www.gagolewski.com/software/stringi/},
}
@Manual{R-stringr,
  title = {stringr: Simple, Consistent Wrappers for Common String Operations},
  author = {Hadley Wickham},
  year = {2019},
  note = {R package version 1.4.0},
  url = {https://CRAN.R-project.org/package=stringr},
}
@Manual{R-tibble,
  title = {tibble: Simple Data Frames},
  author = {Kirill Müller and Hadley Wickham},
  year = {2020},
  note = {R package version 3.0.3},
  url = {https://CRAN.R-project.org/package=tibble},
}
@Manual{R-tidyr,
  title = {tidyr: Tidy Messy Data},
  author = {Hadley Wickham and Lionel Henry},
  year = {2020},
  note = {R package version 1.1.1},
  url = {https://CRAN.R-project.org/package=tidyr},
}
@Article{R-tidyverse,
  title = {Welcome to the {tidyverse}},
  author = {Hadley Wickham and Mara Averick and Jennifer Bryan and Winston Chang and Lucy D'Agostino McGowan and Romain François and Garrett Grolemund and Alex Hayes and Lionel Henry and Jim Hester and Max Kuhn and Thomas Lin Pedersen and Evan Miller and Stephan Milton Bache and Kirill Müller and Jeroen Ooms and David Robinson and Dana Paige Seidel and Vitalie Spinu and Kohske Takahashi and Davis Vaughan and Claus Wilke and Kara Woo and Hiroaki Yutani},
  year = {2019},
  journal = {Journal of Open Source Software},
  volume = {4},
  number = {43},
  pages = {1686},
  doi = {10.21105/joss.01686},
}
@Manual{R-wesanderson,
  title = {wesanderson: A Wes Anderson Palette Generator},
  author = {Karthik Ram and Hadley Wickham},
  year = {2018},
  note = {R package version 0.3.6},
  url = {https://CRAN.R-project.org/package=wesanderson},
}
@Manual{R-plot3D,
  title = {plot3D: Plotting Multi-Dimensional Data},
  author = {Karline Soetaert},
  year = {2019},
  note = {R package version 1.3},
  url = {https://CRAN.R-project.org/package=plot3D},
}
@Manual{R-data.table,
  title = {data.table: Extension of `data.frame`},
  author = {Matt Dowle and Arun Srinivasan},
  year = {2020},
  note = {R package version 1.13.6},
  url = {https://CRAN.R-project.org/package=data.table},
}
@Manual{R-corrplot2017,
  title = {R package "corrplot": Visualization of a Correlation Matrix},
  author = {Taiyun Wei and Viliam Simko},
  year = {2017},
  note = {(Version 0.84)},
  url = {https://github.com/taiyun/corrplot},
}
@Manual{R-data4PCCAR,
  title = {data4PCCAR: Some data sets and R-functions for PCA and CA to accompany Abdi
& Beaton (2019) Principal Component and Correspondence Analysis
with R},
  author = {Herve Abdi & Derek Beaton},
  year = {2020},
  note = {R package version 0.1.0},
  url = {http://github.com/HerveAbdi/data4PCCAR},
}
@Manual{R-FNN,
  title = {FNN: Fast Nearest Neighbor Search Algorithms and Applications},
  author = {Alina Beygelzimer and Sham Kakadet and John Langford and Sunil Arya and David Mount and Shengqiao Li},
  year = {2019},
  note = {R package version 1.1.3},
  url = {https://CRAN.R-project.org/package=FNN},
}
@Article{R-TExPosition,
  title = {An {ExPosition} of multivariate analysis with the singular value decomposition in {R}.},
  author = {Derek Beaton and Cherise R. Chin Fatt and Herve Abdi},
  journal = {Computational Statistics & Data Analysis },
  volume = {72},
  number = {0},
  pages = {176 - 189},
  year = {In press, 2014},
  issn = {0167-9473},
  doi = {10.1016/j.csda.2013.11.006},
  url = {http://www.sciencedirect.com/science/article/pii/S0167947313004441},
}
@Article{R-TInPosition,
  title = {An {ExPosition} of multivariate analysis with the singular value decomposition in {R}.},
  author = {Derek Beaton and Cherise R. Chin Fatt and Herve Abdi},
  journal = {Computational Statistics & Data Analysis },
  volume = {72},
  number = {0},
  pages = {176 - 189},
  year = {In press, 2014},
  issn = {0167-9473},
  doi = {10.1016/j.csda.2013.11.006},
  url = {http://www.sciencedirect.com/science/article/pii/S0167947313004441},
}
@Manual{R-MExPosition,
  title = {MExPosition: Multi-table ExPosition},
  author = {Cherise R. Chin Fatt and Derek Beaton and Herve Abdi.},
  year = {2013},
  note = {R package version 2.0.3},
  url = {https://CRAN.R-project.org/package=MExPosition},
}
@Manual{R-apaTables,
  title = {apaTables: Create American Psychological Association (APA) Style Tables},
  author = {David Stanley},
  year = {2021},
  note = {R package version 2.0.8},
  url = {https://CRAN.R-project.org/package=apaTables},
}
@Manual{R-pander,
  title = {pander: An R 'Pandoc' Writer},
  author = {Gergely Daróczi and Roman Tsegelskyi},
  year = {2018},
  note = {R package version 0.6.3},
  url = {https://CRAN.R-project.org/package=pander},
}
@Manual{R-glue,
  title = {glue: Interpreted String Literals},
  author = {Jim Hester},
  year = {2020},
  note = {R package version 1.4.2},
  url = {https://CRAN.R-project.org/package=glue},
}
@Manual{R-flextable,
  title = {flextable: Functions for Tabular Reporting},
  author = {David Gohel},
  year = {2021},
  note = {R package version 0.6.4},
  url = {https://CRAN.R-project.org/package=flextable},
}
@Manual{R-koRpus,
  title = {koRpus: Text Analysis with Emphasis on POS Tagging, Readability, and Lexical Diversity},
  author = {Meik Michalke},
  year = {2021},
  note = {(Version 0.13-5)},
  url = {https://reaktanz.de/?c=hacking&s=koRpus},
}
@Manual{R-koRpus.lang.en,
  title = {koRpus.lang.en: Language Support for 'koRpus' Package: English},
  author = {Meik Michalke},
  year = {2020},
  note = {(Version 0.1-4)},
  url = {https://reaktanz.de/?c=hacking&s=koRpus},
}
@Manual{R-sylly,
  title = {sylly: Hyphenation and Syllable Counting for Text Analysis},
  author = {Meik Michalke},
  year = {2020},
  note = {(Version 0.1-6)},
  url = {https://reaktanz.de/?c=hacking&s=sylly},
}
@Manual{R-gdtools,
  title = {gdtools: Utilities for Graphical Rendering},
  author = {David Gohel and Hadley Wickham and Lionel Henry and Jeroen Ooms},
  year = {2021},
  note = {R package version 0.2.3},
  url = {https://CRAN.R-project.org/package=gdtools},
}
